@book{demmel1997applied,
  title={Applied numerical linear algebra},
  author={Demmel, James W},
  year={1997},
  publisher={Siam}
}

@book{kunkel2006differential,
  title={Differential-algebraic equations: analysis and numerical solution},
  author={Kunkel, Peter},
  year={2006},
  publisher={European Mathematical Society}
}

@book{perko2013differential,
  title={Differential equations and dynamical systems},
  author={Perko, Lawrence},
  volume={7},
  year={2013},
  publisher={Springer Science \& Business Media}
}

@book{ThesisProposal,
  title={Subspace Identification Methods},
  author={Trnka, Pavel},
  year={2005},
  publisher={Czech Technical University in Prague}
}


@article{meng2005modeling,
  title={Modeling and analysis of noise effects on broadband power-line communications},
  author={Meng, H and Guan, Y Ll and Chen, S},
  journal={IEEE Transactions on Power delivery},
  volume={20},
  number={2},
  pages={630--637},
  year={2005},
  publisher={IEEE}
}

@article{zimmermann2002analysis,
  title={Analysis and modeling of impulsive noise in broad-band powerline communications},
  author={Zimmermann, Manfred and Dostert, Klaus},
  journal={IEEE transactions on Electromagnetic compatibility},
  volume={44},
  number={1},
  pages={249--258},
  year={2002},
  publisher={IEEE}
}

@article{chen2006placement,
  title={Placement of PMUs to enable bad data detection in state estimation},
  author={Chen, Jian and Abur, Ali},
  journal={IEEE Transactions on Power Systems},
  volume={21},
  number={4},
  pages={1608--1615},
  year={2006},
  publisher={IEEE}
}

@article{tate2008line,
  title={Line outage detection using phasor angle measurements},
  author={Tate, Joseph Euzebe and Overbye, Thomas J},
  journal={IEEE Transactions on Power Systems},
  volume={23},
  number={4},
  pages={1644--1652},
  year={2008},
  publisher={IEEE}
}

@inproceedings{tate2009double,
  title={Double line outage detection using phasor angle measurements},
  author={Tate, Joseph Euzebe and Overbye, Thomas J},
  booktitle={Power \& Energy Society General Meeting, 2009. PES'09. IEEE},
  pages={1--5},
  year={2009},
  organization={IEEE}
}

@article{emami2013external,
  title={External system line outage identification using phasor measurement units},
  author={Emami, Roozbeh and Abur, Ali},
  journal={IEEE Transactions on Power Systems},
  volume={28},
  number={2},
  pages={1035--1040},
  year={2013},
  publisher={IEEE}
}

@inproceedings{rogers2011identification,
  title={Identification of power system topology from synchrophasor data},
  author={Rogers, Katherine M and Spadoni, Rebecca D and Overbye, Thomas J},
  booktitle={Power Systems Conference and Exposition (PSCE), 2011 IEEE/PES},
  pages={1--8},
  year={2011},
  organization={IEEE}
}

@article{ponce2016flier,
  title={FLiER: Practical Topology Update Detection Using Sparse PMUs},
  author={C. Ponce and D. Bindel},
  journal={IEEE Transactions on Power Systems},
  year={2016},
  publisher={IEEE Press}
}

@inproceedings{mohapatra2016fast,
  title={Fast modal identification, monitoring, and visualization for large-scale power systems using Dynamic Mode Decomposition},
  author={Mohapatra, Saurav and Overbye, Thomas J},
  booktitle={Power Systems Computation Conference (PSCC), 2016},
  pages={1--7},
  year={2016},
  organization={IEEE}
}

@inproceedings{xu2015fast,
  title={Real-time event detection and feature extraction using PMU measurement data},
  author={Xu, Ti and Overbye, Thomas J},
  pages={1--6},
  year={2016},
  organization={IEEE}
}